<record><leader>00000cas a2200000 a 4500</leader><controlfield tag="001">30604670</controlfield><controlfield tag="008">940614d1850185umoudn ne      0    0eng c</controlfield><datafield ind1=" " ind2=" " tag="010"><subfield code="a">sn 94055183 </subfield></datafield><datafield ind1=" " ind2=" " tag="040"><subfield code="a">MQN</subfield><subfield code="b">eng</subfield><subfield code="c">MQN</subfield><subfield code="d">OCL</subfield><subfield code="d">DLC</subfield><subfield code="d">OCLCQ</subfield><subfield code="d">OCLCF</subfield><subfield code="d">OCLCO</subfield></datafield><datafield ind1="1" ind2=" " tag="029"><subfield code="a">AU@</subfield><subfield code="b">000011133993</subfield></datafield><datafield ind1=" " ind2=" " tag="042"><subfield code="a">pcc</subfield></datafield><datafield ind1=" " ind2=" " tag="043"><subfield code="a">n-us-mo</subfield></datafield><datafield ind1="0" ind2="0" tag="050"><subfield code="a">Newspaper</subfield></datafield><datafield ind1="0" ind2=" " tag="130"><subfield code="a">St. Louis intelligencer (Saint Louis, Mo. : Evening ed.)</subfield></datafield><datafield ind1="1" ind2="0" tag="245"><subfield code="a">St. Louis intelligencer.</subfield></datafield><datafield ind1="1" ind2="3" tag="246"><subfield code="a">Evening intelligencer</subfield></datafield><datafield ind1=" " ind2=" " tag="250"><subfield code="a">Evening ed.</subfield></datafield><datafield ind1=" " ind2=" " tag="260"><subfield code="a">St. Louis, Mo. :</subfield><subfield code="b">T. Yeatman &amp; Co.</subfield></datafield><datafield ind1=" " ind2=" " tag="300"><subfield code="a">v.</subfield></datafield><datafield ind1=" " ind2=" " tag="310"><subfield code="a">Daily (except Sunday)</subfield></datafield><datafield ind1="0" ind2=" " tag="362"><subfield code="a">Vol. 10, no. 242 (Oct. 14, 1850)-v. 10, no. 307 (Dec. 31, 1850) ; &lt;v. 2, no. 3, (Jan. 4, 1851)&gt;-</subfield></datafield><datafield ind1=" " ind2=" " tag="515"><subfield code="a">Assumes issue numbering of St. Louis intelligencer and volume numbering of St. Louis daily new era.</subfield></datafield><datafield ind1=" " ind2=" " tag="530"><subfield code="a">Also on microfilm from the Library of Congress Photoduplication Service.</subfield></datafield><datafield ind1=" " ind2="0" tag="651"><subfield code="a">Saint Louis (Mo.)</subfield><subfield code="v">Newspapers.</subfield></datafield><datafield ind1=" " ind2="7" tag="655"><subfield code="a">Newspapers.</subfield><subfield code="2">fast</subfield><subfield code="0">(OCoLC)fst01423814</subfield></datafield><datafield ind1=" " ind2="7" tag="651"><subfield code="a">Missouri</subfield><subfield code="z">Saint Louis.</subfield><subfield code="2">fast</subfield><subfield code="0">(OCoLC)fst01204930</subfield></datafield><datafield ind1=" " ind2=" " tag="752"><subfield code="a">United States</subfield><subfield code="b">Missouri</subfield><subfield code="d">Saint Louis.</subfield></datafield><datafield ind1="0" ind2=" " tag="775"><subfield code="t">St. Louis intelligencer</subfield><subfield code="w">(DLC)sn 84020169</subfield></datafield><datafield ind1="0" ind2=" " tag="775"><subfield code="t">Daily Saint Louis intelligencer</subfield><subfield code="w">(DLC)sn 84020166</subfield></datafield><datafield ind1="0" ind2=" " tag="775"><subfield code="t">Weekly Saint Louis intelligencer</subfield><subfield code="w">(DLC)sn 86063711</subfield></datafield><datafield ind1="0" ind2="0" tag="780"><subfield code="t">St. Louis daily new era</subfield><subfield code="w">(DLC)sn 84020210</subfield></datafield><datafield ind1="0" ind2="0" tag="785"><subfield code="t">Saint Louis daily evening news (Saint Louis, Mo. : 1852)</subfield><subfield code="w">(DLC)sn 84020229</subfield></datafield></record>